BibTeX-Datei zum htl-Package

@mastersthesis{Diplomarbeit-Netzwerksicherheit,
	author={Michael Messner},
	title={Netzwerksicherheit im Accesslayer mit benutzerabhaengigen Policies},
	school={Fachhochschule Salzburg,Informationstechnik und System-Management},
	year={2007},
	month=JUN,
	address={Salzburg, Austria},
	language={german}
}

@online{Capgemini-Studie,
	title = {Capgemini-Studie},
	url = {https://www.capgemini.com/at-de/wp-content/uploads/sites/25/2019/02/IT-Trends-Studie-2019-1.pdf}
}

@online{dsgvo-wiki,
	title = {DSGVO},
	url = {https://de.wikipedia.org/wiki/Datenschutz-Grundverordnung}
}

@online{aws-dsgvo,
	title = {AWS DSGVO Compliance},
	url = {https://aws.amazon.com/de/compliance/gdpr-center/}
}

@online{AWS-DSGVO-Tabelle,
	title = {AWS DSGVO Tabelle},
	url = {https://aws.amazon.com/de/compliance/data-privacy/service-capabilities/}
}
@online{aws-ec2-dsgvo-alles,
	title = {AWS EC2 Datenschutzma√ünahmen},
	url = {https://aws.amazon.com/de/blogs/security/how-to-protect-data-at-rest-with-amazon-ec2-instance-store-encryption/}
}
